@article{8765346,
  author = {Z. {Cao} and G. {Hidalgo Martinez} and T. {Simon} and S. {Wei} and Y. A. {Sheikh}},
  journal = {IEEE Transactions on Pattern Analysis and Machine Intelligence},
  title = {OpenPose: Realtime Multi-Person 2D Pose Estimation using Part Affinity Fields},
  year = {2019}
}

@inproceedings{simon2017hand,
  author = {Tomas Simon and Hanbyul Joo and Iain Matthews and Yaser Sheikh},
  booktitle = {CVPR},
  title = {Hand Keypoint Detection in Single Images using Multiview Bootstrapping},
  year = {2017}
}

@inproceedings{cao2017realtime,
  author = {Zhe Cao and Tomas Simon and Shih-En Wei and Yaser Sheikh},
  booktitle = {CVPR},
  title = {Realtime Multi-Person 2D Pose Estimation using Part Affinity Fields},
  year = {2017}
}

@inproceedings{wei2016cpm,
  author = {Shih-En Wei and Varun Ramakrishna and Takeo Kanade and Yaser Sheikh},
  booktitle = {CVPR},
  title = {Convolutional pose machines},
  year = {2016}
}

@unpublished{tracking_1,
  author = {Rosebrock, Adrian},
  note   = {},
  title  = {Simple Object Tracking With OpenCV},
  year   = {2018}
}

@unpublished{tracking_2,
  author = {Liu, Charlie},
  note   = {},
  title  = {Gesture Detection with a Raspberry Pi},
  year   = {2017}
}

@misc{PoseNet,
  doi = {10.48550/ARXIV.1803.08225},
  url = {https://arxiv.org/abs/1803.08225},
  author = {Papandreou, George and Zhu, Tyler and Chen, Liang-Chieh and Gidaris, Spyros and Tompson, Jonathan and Murphy, Kevin},
  keywords = {Computer Vision and Pattern Recognition (cs.CV), FOS: Computer and information sciences, FOS: Computer and information sciences},
  title = {PersonLab: Person Pose Estimation and Instance Segmentation with a Bottom-Up, Part-Based, Geometric Embedding Model},
  publisher = {arXiv},
  year = {2018},  
  copyright = {arXiv.org perpetual, non-exclusive license}
}

@misc{tensorflowPoseNet,
  howpublished = {\url{https://www.tensorflow.org/lite/examples/pose_estimation/overview}},
  title        = {Pose Estimation},
  year         = {2022}
}

@misc{opencvPose,
  author       = {Vikas Gupta},
  howpublished = {https://learnopencv.com/deep-learning-based-human-pose-estimation-using-opencv-cpp-python/},
  title        = {Deep Learning Based Human Pose Estimation Using OpenCV},
  year         = {2018}
}

@misc{jetsonInference,
  author       = {Dustin Franklin},
  howpublished = {\url{https://github.com/dusty-nv/jetson-inference#readme}},
  title        = {jetson-inference},
}